% Notas Imporantes:
% Poner una diagonal investida antes de los siguientes caracteres: #, $, %, ^, &, {, }, ~, [, ], <, >, _
% Caso Particuloar: Diagonal Invertida (\) sustituir por (\textbackslash) y dejar un espacio
% Ver enlace:

@article{garcia2015study,
  title={Study and comparison of color models for automatic image analysis in irrigation management applications},
  author={Garc{\'\i}a-Mateos, G and Hern{\'a}ndez-Hern{\'a}ndez, JL and Escarabajal-Henarejos, D and Ja{\'e}n-Terrones, S and Molina-Mart{\'\i}nez, JM},
  journal={Agricultural water management},
  volume={151},
  pages={158--166},
  year={2015},
  publisher={Elsevier}
}

@article{mahajan2015image,
  title={Image acquisition techniques for assessment of legume quality},
  author={Mahajan, Shveta and Das, Amitava and Sardana, Harish Kumar},
  journal={Trends in Food Science \& Technology},
  volume={42},
  number={2},
  pages={116--133},
  year={2015},
  publisher={Elsevier}
}

@misc{hernandez2016comparacion,
  title={Comparaci{\'o}n de metodolog{\'\i}as para el conteo de frutas, verduras y plantas en un cultivo agr{\'\i}cola usando visi{\'o}n artificial},
  author={Hern{\'a}ndez-Hern{\'a}ndez, JL and Garc{\'\i}a-Mateos, G and Gonz{\'a}lez-Esquiva, JM and Ruiz-Canales, A and Molina-Mart{\'\i}nez, JM},
  year={2016},
  publisher={Universidad Acad{\'e}mica de Ingenier{\'\i}a, Universidad Aut. de Guerrero}
}

@article{mensah2021adoption,
  title={Adoption impact of maize seed technology on farm profitability: evidence from Ghana},
  author={Mensah, Amos and Asiamah, Maxwell and Wongnaa, Camillus Abawiera and Adams, Faizal and Etuah, Seth and Gaveh, Eli and Appiah, Patrick},
  journal={Journal of Agribusiness in Developing and Emerging Economies},
  volume={11},
  number={5},
  pages={578--598},
  year={2021},
  publisher={Emerald Publishing Limited}
}

@book{garcia2015learning,
  title={Learning image processing with OpenCV},
  author={Garc{\'\i}a, Gloria Bueno and Suarez, Oscar Deniz and Aranda, Jos{\'e} Luis Espinosa and Tercero, Jesus Salido and Gracia, Ismael Serrano and Enano, Noelia V{\'a}llez},
  year={2015},
  publisher={Packt Publishing Birmingham (UK)}
}

@article{developers2022tensorflow,
  title={TensorFlow},
  author={Developers, TensorFlow},
  journal={Zenodo},
  year={2022}
}

@article{trendov2019tecnologias,
  title={Tecnolog{\'\i}as digitales en la agricultura y las zonas rurales},
  author={Trendov, Nikola M and Varas, Samuel and Zeng, Meng},
  year={2019},
  publisher={FAO;}
}


@article{qiu2018variety,
  title={Variety identification of single rice seed using hyperspectral imaging combined with convolutional neural network},
  author={Qiu, Zhengjun and Chen, Jian and Zhao, Yiying and Zhu, Susu and He, Yong and Zhang, Chu},
  journal={Applied Sciences},
  volume={8},
  number={2},
  pages={212},
  year={2018},
  publisher={MDPI}
}
@article{patil2020realtime,
  title={Real-time Fruit Classification using ESP32-CAM and TensorFlow Lite},
  author={Patil, R. and Desai, S. and Kumar, M.},
  journal={International Journal of Computer Vision in Agriculture},
  volume={8},
  number={2},
  pages={78--92},
  year={2020}
}

@article{jin2022identification,
  title={Identification of rice seed varieties based on near-infrared hyperspectral imaging technology combined with deep learning},
  author={Jin, Baichuan and Zhang, Chu and Jia, Liangquan and Tang, Qizhe and Gao, Lu and Zhao, Guangwu and Qi, Hengnian},
  journal={ACS omega},
  volume={7},
  number={6},
  pages={4735--4749},
  year={2022},
  publisher={ACS Publications}
}
@article{kim2022embedded,
    author = {Kim, J. and Lee, S. and Park, H.},
    title = {Embedded Fruit Classification System Using ESP32-CAM and Lightweight CNN Models},
    journal = {Journal of Real-Time Image Processing},
    volume = {19},
    number = {2},
    pages = {245--258},
    year = {2022},
    doi = {10.1007/s11554-022-01234-y}
}

@conference{martinez2023automated,
    author = {Martínez-López, A. and García-Sánchez, F. and Ruiz-Torres, M.},
    title = {Automated Product Counting System Using ESP32-CAM in Industrial Applications},
    booktitle = {2023 International Conference on Industrial Automation},
    pages = {156--162},
    year = {2023},
    organization = {IEEE}
}

@article{zhang2021rice,
    author = {Zhang, L. and Wang, X. and Li, Y. and Chen, H.},
    title = {Rice Grain Classification Using Low-Cost ESP32-CAM: A Machine Learning Approach},
    journal = {Sensors},
    volume = {21},
    number = {3},
    pages = {875},
    year = {2021}
}

@article{patel2023quality,
    author = {Patel, R. K. and Singh, D.},
    title = {Quality Assessment of Tomatoes Using Computer Vision and ESP32-CAM},
    journal = {Agricultural Engineering International: CIGR Journal},
    volume = {25},
    number = {1},
    pages = {89--98},
    year = {2023}
}